%YAML 1.1
%TAG !u! tag:unity3d.com,2011:
--- !u!1 &111010279210801865
GameObject:
  m_ObjectHideFlags: 0
  m_CorrespondingSourceObject: {fileID: 0}
  m_PrefabInstance: {fileID: 0}
  m_PrefabAsset: {fileID: 0}
  serializedVersion: 6
  m_Component:
  - component: {fileID: 1266140782494657943}
  m_Layer: 0
  m_Name: coin
  m_TagString: coin
  m_Icon: {fileID: 0}
  m_NavMeshLayer: 0
  m_StaticEditorFlags: 0
  m_IsActive: 1
--- !u!4 &1266140782494657943
Transform:
  m_ObjectHideFlags: 0
  m_CorrespondingSourceObject: {fileID: 0}
  m_PrefabInstance: {fileID: 0}
  m_PrefabAsset: {fileID: 0}
  m_GameObject: {fileID: 111010279210801865}
  m_LocalRotation: {x: -0, y: -0, z: -0, w: 1}
  m_LocalPosition: {x: 0, y: 0, z: 0}
  m_LocalScale: {x: 1, y: 1, z: 1}
  m_Children: []
  m_Father: {fileID: 8430141987879956666}
  m_RootOrder: 0
  m_LocalEulerAnglesHint: {x: 0, y: 0, z: 0}
--- !u!1 &7563935178774537529
GameObject:
  m_ObjectHideFlags: 0
  m_CorrespondingSourceObject: {fileID: 0}
  m_PrefabInstance: {fileID: 0}
  m_PrefabAsset: {fileID: 0}
  serializedVersion: 6
  m_Component:
  - component: {fileID: 1033231688789709064}
  - component: {fileID: 5197707752496751780}
  - component: {fileID: 4514502827441938240}
  - component: {fileID: 4283645431818404109}
  m_Layer: 0
  m_Name: Player_Blocker_1
  m_TagString: Untagged
  m_Icon: {fileID: 0}
  m_NavMeshLayer: 0
  m_StaticEditorFlags: 0
  m_IsActive: 1
--- !u!4 &1033231688789709064
Transform:
  m_ObjectHideFlags: 0
  m_CorrespondingSourceObject: {fileID: 0}
  m_PrefabInstance: {fileID: 0}
  m_PrefabAsset: {fileID: 0}
  m_GameObject: {fileID: 7563935178774537529}
  m_LocalRotation: {x: -0, y: -0, z: -0, w: 1}
  m_LocalPosition: {x: 6.34, y: 1.1399994, z: -1}
  m_LocalScale: {x: 1, y: 1, z: 1}
  m_Children: []
  m_Father: {fileID: 8430141987879956666}
  m_RootOrder: 16
  m_LocalEulerAnglesHint: {x: 0, y: 0, z: 0}
--- !u!61 &5197707752496751780
BoxCollider2D:
  m_ObjectHideFlags: 0
  m_CorrespondingSourceObject: {fileID: 0}
  m_PrefabInstance: {fileID: 0}
  m_PrefabAsset: {fileID: 0}
  m_GameObject: {fileID: 7563935178774537529}
  m_Enabled: 1
  m_Density: 1
  m_Material: {fileID: 0}
  m_IsTrigger: 0
  m_UsedByEffector: 0
  m_UsedByComposite: 0
  m_Offset: {x: -3.306932, y: -2.4997287}
  m_SpriteTilingProperty:
    border: {x: 0, y: 0, z: 0, w: 0}
    pivot: {x: 0, y: 0}
    oldSize: {x: 0, y: 0}
    newSize: {x: 0, y: 0}
    adaptiveTilingThreshold: 0
    drawMode: 0
    adaptiveTiling: 0
  m_AutoTiling: 0
  serializedVersion: 2
  m_Size: {x: 0.53130627, y: 5.9994574}
  m_EdgeRadius: 0
--- !u!61 &4514502827441938240
BoxCollider2D:
  m_ObjectHideFlags: 0
  m_CorrespondingSourceObject: {fileID: 0}
  m_PrefabInstance: {fileID: 0}
  m_PrefabAsset: {fileID: 0}
  m_GameObject: {fileID: 7563935178774537529}
  m_Enabled: 1
  m_Density: 1
  m_Material: {fileID: 0}
  m_IsTrigger: 0
  m_UsedByEffector: 0
  m_UsedByComposite: 0
  m_Offset: {x: 3.3069315, y: -2.5257668}
  m_SpriteTilingProperty:
    border: {x: 0, y: 0, z: 0, w: 0}
    pivot: {x: 0, y: 0}
    oldSize: {x: 0, y: 0}
    newSize: {x: 0, y: 0}
    adaptiveTilingThreshold: 0
    drawMode: 0
    adaptiveTiling: 0
  m_AutoTiling: 0
  serializedVersion: 2
  m_Size: {x: 0.63545036, y: 6.0515337}
  m_EdgeRadius: 0
--- !u!61 &4283645431818404109
BoxCollider2D:
  m_ObjectHideFlags: 0
  m_CorrespondingSourceObject: {fileID: 0}
  m_PrefabInstance: {fileID: 0}
  m_PrefabAsset: {fileID: 0}
  m_GameObject: {fileID: 7563935178774537529}
  m_Enabled: 1
  m_Density: 1
  m_Material: {fileID: 0}
  m_IsTrigger: 0
  m_UsedByEffector: 0
  m_UsedByComposite: 0
  m_Offset: {x: 0.09113312, y: -5.858741}
  m_SpriteTilingProperty:
    border: {x: 0, y: 0, z: 0, w: 0}
    pivot: {x: 0, y: 0}
    oldSize: {x: 0, y: 0}
    newSize: {x: 0, y: 0}
    adaptiveTilingThreshold: 0
    drawMode: 0
    adaptiveTiling: 0
  m_AutoTiling: 0
  serializedVersion: 2
  m_Size: {x: 7.223282, y: 0.583374}
  m_EdgeRadius: 0
--- !u!1 &8430141987356305213
GameObject:
  m_ObjectHideFlags: 0
  m_CorrespondingSourceObject: {fileID: 0}
  m_PrefabInstance: {fileID: 0}
  m_PrefabAsset: {fileID: 0}
  serializedVersion: 6
  m_Component:
  - component: {fileID: 8430141987356305212}
  - component: {fileID: 8430141987356305214}
  - component: {fileID: 8430141987356305215}
  m_Layer: 0
  m_Name: press_1
  m_TagString: Untagged
  m_Icon: {fileID: 0}
  m_NavMeshLayer: 0
  m_StaticEditorFlags: 0
  m_IsActive: 1
--- !u!4 &8430141987356305212
Transform:
  m_ObjectHideFlags: 0
  m_CorrespondingSourceObject: {fileID: 0}
  m_PrefabInstance: {fileID: 0}
  m_PrefabAsset: {fileID: 0}
  m_GameObject: {fileID: 8430141987356305213}
  m_LocalRotation: {x: -0, y: -0, z: -0, w: 1}
  m_LocalPosition: {x: 6.34, y: 0.88, z: -3}
  m_LocalScale: {x: 1, y: 1, z: 1}
  m_Children: []
  m_Father: {fileID: 8430141987879956666}
  m_RootOrder: 1
  m_LocalEulerAnglesHint: {x: 0, y: 0, z: 0}
--- !u!212 &8430141987356305214
SpriteRenderer:
  m_ObjectHideFlags: 0
  m_CorrespondingSourceObject: {fileID: 0}
  m_PrefabInstance: {fileID: 0}
  m_PrefabAsset: {fileID: 0}
  m_GameObject: {fileID: 8430141987356305213}
  m_Enabled: 1
  m_CastShadows: 0
  m_ReceiveShadows: 0
  m_DynamicOccludee: 1
  m_MotionVectors: 1
  m_LightProbeUsage: 1
  m_ReflectionProbeUsage: 1
  m_RayTracingMode: 0
  m_RayTraceProcedural: 0
  m_RenderingLayerMask: 1
  m_RendererPriority: 0
  m_Materials:
  - {fileID: 10754, guid: 0000000000000000f000000000000000, type: 0}
  m_StaticBatchInfo:
    firstSubMesh: 0
    subMeshCount: 0
  m_StaticBatchRoot: {fileID: 0}
  m_ProbeAnchor: {fileID: 0}
  m_LightProbeVolumeOverride: {fileID: 0}
  m_ScaleInLightmap: 1
  m_ReceiveGI: 1
  m_PreserveUVs: 0
  m_IgnoreNormalsForChartDetection: 0
  m_ImportantGI: 0
  m_StitchLightmapSeams: 1
  m_SelectedEditorRenderState: 0
  m_MinimumChartSize: 4
  m_AutoUVMaxDistance: 0.5
  m_AutoUVMaxAngle: 89
  m_LightmapParameters: {fileID: 0}
  m_SortingLayerID: 0
  m_SortingLayer: 0
  m_SortingOrder: 0
  m_Sprite: {fileID: 21300000, guid: d7cc19ca6542e154295386b582ca0c83, type: 3}
  m_Color: {r: 1, g: 1, b: 1, a: 1}
  m_FlipX: 0
  m_FlipY: 0
  m_DrawMode: 0
  m_Size: {x: 2, y: 2}
  m_AdaptiveModeThreshold: 0.5
  m_SpriteTileMode: 0
  m_WasSpriteAssigned: 1
  m_MaskInteraction: 0
  m_SpriteSortPoint: 0
--- !u!61 &8430141987356305215
BoxCollider2D:
  m_ObjectHideFlags: 0
  m_CorrespondingSourceObject: {fileID: 0}
  m_PrefabInstance: {fileID: 0}
  m_PrefabAsset: {fileID: 0}
  m_GameObject: {fileID: 8430141987356305213}
  m_Enabled: 1
  m_Density: 1
  m_Material: {fileID: 0}
  m_IsTrigger: 0
  m_UsedByEffector: 0
  m_UsedByComposite: 0
  m_Offset: {x: 0, y: 0.8545103}
  m_SpriteTilingProperty:
    border: {x: 0, y: 0, z: 0, w: 0}
    pivot: {x: 0.5, y: 0.5}
    oldSize: {x: 2, y: 2}
    newSize: {x: 2, y: 2}
    adaptiveTilingThreshold: 0.5
    drawMode: 0
    adaptiveTiling: 0
  m_AutoTiling: 0
  serializedVersion: 2
  m_Size: {x: 0.83475876, y: 3.7090206}
  m_EdgeRadius: 0
--- !u!1 &8430141987476855149
GameObject:
  m_ObjectHideFlags: 0
  m_CorrespondingSourceObject: {fileID: 0}
  m_PrefabInstance: {fileID: 0}
  m_PrefabAsset: {fileID: 0}
  serializedVersion: 6
  m_Component:
  - component: {fileID: 8430141987476855148}
  - component: {fileID: 8430141987476855151}
  m_Layer: 0
  m_Name: colum_1 (1)
  m_TagString: Untagged
  m_Icon: {fileID: 0}
  m_NavMeshLayer: 0
  m_StaticEditorFlags: 0
  m_IsActive: 1
--- !u!4 &8430141987476855148
Transform:
  m_ObjectHideFlags: 0
  m_CorrespondingSourceObject: {fileID: 0}
  m_PrefabInstance: {fileID: 0}
  m_PrefabAsset: {fileID: 0}
  m_GameObject: {fileID: 8430141987476855149}
  m_LocalRotation: {x: -0, y: -0, z: -0, w: 1}
  m_LocalPosition: {x: 6.34, y: 4.36, z: -3}
  m_LocalScale: {x: 1, y: 1, z: 1}
  m_Children: []
  m_Father: {fileID: 8430141987879956666}
  m_RootOrder: 14
  m_LocalEulerAnglesHint: {x: 0, y: 0, z: 0}
--- !u!212 &8430141987476855151
SpriteRenderer:
  m_ObjectHideFlags: 0
  m_CorrespondingSourceObject: {fileID: 0}
  m_PrefabInstance: {fileID: 0}
  m_PrefabAsset: {fileID: 0}
  m_GameObject: {fileID: 8430141987476855149}
  m_Enabled: 1
  m_CastShadows: 0
  m_ReceiveShadows: 0
  m_DynamicOccludee: 1
  m_MotionVectors: 1
  m_LightProbeUsage: 1
  m_ReflectionProbeUsage: 1
  m_RayTracingMode: 0
  m_RayTraceProcedural: 0
  m_RenderingLayerMask: 1
  m_RendererPriority: 0
  m_Materials:
  - {fileID: 10754, guid: 0000000000000000f000000000000000, type: 0}
  m_StaticBatchInfo:
    firstSubMesh: 0
    subMeshCount: 0
  m_StaticBatchRoot: {fileID: 0}
  m_ProbeAnchor: {fileID: 0}
  m_LightProbeVolumeOverride: {fileID: 0}
  m_ScaleInLightmap: 1
  m_ReceiveGI: 1
  m_PreserveUVs: 0
  m_IgnoreNormalsForChartDetection: 0
  m_ImportantGI: 0
  m_StitchLightmapSeams: 1
  m_SelectedEditorRenderState: 0
  m_MinimumChartSize: 4
  m_AutoUVMaxDistance: 0.5
  m_AutoUVMaxAngle: 89
  m_LightmapParameters: {fileID: 0}
  m_SortingLayerID: 0
  m_SortingLayer: 0
  m_SortingOrder: 0
  m_Sprite: {fileID: 21300000, guid: d7cc19ca6542e154295386b582ca0c83, type: 3}
  m_Color: {r: 1, g: 1, b: 1, a: 1}
  m_FlipX: 0
  m_FlipY: 0
  m_DrawMode: 0
  m_Size: {x: 2, y: 2}
  m_AdaptiveModeThreshold: 0.5
  m_SpriteTileMode: 0
  m_WasSpriteAssigned: 1
  m_MaskInteraction: 0
  m_SpriteSortPoint: 0
--- !u!1 &8430141987567893339
GameObject:
  m_ObjectHideFlags: 0
  m_CorrespondingSourceObject: {fileID: 0}
  m_PrefabInstance: {fileID: 0}
  m_PrefabAsset: {fileID: 0}
  serializedVersion: 6
  m_Component:
  - component: {fileID: 8430141987567893338}
  - component: {fileID: 8430141987567893333}
  m_Layer: 0
  m_Name: colum_1
  m_TagString: Untagged
  m_Icon: {fileID: 0}
  m_NavMeshLayer: 0
  m_StaticEditorFlags: 0
  m_IsActive: 1
--- !u!4 &8430141987567893338
Transform:
  m_ObjectHideFlags: 0
  m_CorrespondingSourceObject: {fileID: 0}
  m_PrefabInstance: {fileID: 0}
  m_PrefabAsset: {fileID: 0}
  m_GameObject: {fileID: 8430141987567893339}
  m_LocalRotation: {x: -0, y: -0, z: -0, w: 1}
  m_LocalPosition: {x: 6.34, y: 2.62, z: -3}
  m_LocalScale: {x: 1, y: 1, z: 1}
  m_Children: []
  m_Father: {fileID: 8430141987879956666}
  m_RootOrder: 12
  m_LocalEulerAnglesHint: {x: 0, y: 0, z: 0}
--- !u!212 &8430141987567893333
SpriteRenderer:
  m_ObjectHideFlags: 0
  m_CorrespondingSourceObject: {fileID: 0}
  m_PrefabInstance: {fileID: 0}
  m_PrefabAsset: {fileID: 0}
  m_GameObject: {fileID: 8430141987567893339}
  m_Enabled: 1
  m_CastShadows: 0
  m_ReceiveShadows: 0
  m_DynamicOccludee: 1
  m_MotionVectors: 1
  m_LightProbeUsage: 1
  m_ReflectionProbeUsage: 1
  m_RayTracingMode: 0
  m_RayTraceProcedural: 0
  m_RenderingLayerMask: 1
  m_RendererPriority: 0
  m_Materials:
  - {fileID: 10754, guid: 0000000000000000f000000000000000, type: 0}
  m_StaticBatchInfo:
    firstSubMesh: 0
    subMeshCount: 0
  m_StaticBatchRoot: {fileID: 0}
  m_ProbeAnchor: {fileID: 0}
  m_LightProbeVolumeOverride: {fileID: 0}
  m_ScaleInLightmap: 1
  m_ReceiveGI: 1
  m_PreserveUVs: 0
  m_IgnoreNormalsForChartDetection: 0
  m_ImportantGI: 0
  m_StitchLightmapSeams: 1
  m_SelectedEditorRenderState: 0
  m_MinimumChartSize: 4
  m_AutoUVMaxDistance: 0.5
  m_AutoUVMaxAngle: 89
  m_LightmapParameters: {fileID: 0}
  m_SortingLayerID: 0
  m_SortingLayer: 0
  m_SortingOrder: 0
  m_Sprite: {fileID: 21300000, guid: d7cc19ca6542e154295386b582ca0c83, type: 3}
  m_Color: {r: 1, g: 1, b: 1, a: 1}
  m_FlipX: 0
  m_FlipY: 0
  m_DrawMode: 0
  m_Size: {x: 2, y: 2}
  m_AdaptiveModeThreshold: 0.5
  m_SpriteTileMode: 0
  m_WasSpriteAssigned: 1
  m_MaskInteraction: 0
  m_SpriteSortPoint: 0
--- !u!1 &8430141987879956667
GameObject:
  m_ObjectHideFlags: 0
  m_CorrespondingSourceObject: {fileID: 0}
  m_PrefabInstance: {fileID: 0}
  m_PrefabAsset: {fileID: 0}
  serializedVersion: 6
  m_Component:
  - component: {fileID: 8430141987879956666}
  m_Layer: 0
  m_Name: Coin_Cage
  m_TagString: coin
  m_Icon: {fileID: 0}
  m_NavMeshLayer: 0
  m_StaticEditorFlags: 0
  m_IsActive: 1
--- !u!4 &8430141987879956666
Transform:
  m_ObjectHideFlags: 0
  m_CorrespondingSourceObject: {fileID: 0}
  m_PrefabInstance: {fileID: 0}
  m_PrefabAsset: {fileID: 0}
  m_GameObject: {fileID: 8430141987879956667}
  m_LocalRotation: {x: 0, y: 0, z: 0, w: 1}
  m_LocalPosition: {x: 12.1, y: 13.8, z: -3}
  m_LocalScale: {x: 1, y: 1, z: 1}
  m_Children:
  - {fileID: 1266140782494657943}
  - {fileID: 8430141987356305212}
  - {fileID: 1199056148067913686}
  - {fileID: 1299995061992286626}
  - {fileID: 1299995063973167549}
  - {fileID: 1299995062471140655}
  - {fileID: 1299995062483688873}
  - {fileID: 1299995062012778877}
  - {fileID: 1299995062335710134}
  - {fileID: 1299995062010714922}
  - {fileID: 1299995062468543658}
  - {fileID: 8430141989275933673}
  - {fileID: 8430141987567893338}
  - {fileID: 8430141988637482689}
  - {fileID: 8430141987476855148}
  - {fileID: 8430141988639069093}
  - {fileID: 1033231688789709064}
  m_Father: {fileID: 0}
  m_RootOrder: 0
  m_LocalEulerAnglesHint: {x: 0, y: 0, z: 0}
--- !u!1 &8430141988637482694
GameObject:
  m_ObjectHideFlags: 0
  m_CorrespondingSourceObject: {fileID: 0}
  m_PrefabInstance: {fileID: 0}
  m_PrefabAsset: {fileID: 0}
  serializedVersion: 6
  m_Component:
  - component: {fileID: 8430141988637482689}
  - component: {fileID: 8430141988637482691}
  - component: {fileID: 8430141988637482688}
  m_Layer: 0
  m_Name: interact_1
  m_TagString: lever_1
  m_Icon: {fileID: 0}
  m_NavMeshLayer: 0
  m_StaticEditorFlags: 0
  m_IsActive: 1
--- !u!4 &8430141988637482689
Transform:
  m_ObjectHideFlags: 0
  m_CorrespondingSourceObject: {fileID: 0}
  m_PrefabInstance: {fileID: 0}
  m_PrefabAsset: {fileID: 0}
  m_GameObject: {fileID: 8430141988637482694}
  m_LocalRotation: {x: 0, y: 0, z: 0.7071068, w: 0.7071068}
  m_LocalPosition: {x: 6.34, y: -3.97, z: 1}
  m_LocalScale: {x: 1, y: 3, z: 1}
  m_Children: []
  m_Father: {fileID: 8430141987879956666}
  m_RootOrder: 13
  m_LocalEulerAnglesHint: {x: 0, y: 0, z: 90}
--- !u!212 &8430141988637482691
SpriteRenderer:
  m_ObjectHideFlags: 0
  m_CorrespondingSourceObject: {fileID: 0}
  m_PrefabInstance: {fileID: 0}
  m_PrefabAsset: {fileID: 0}
  m_GameObject: {fileID: 8430141988637482694}
  m_Enabled: 1
  m_CastShadows: 0
  m_ReceiveShadows: 0
  m_DynamicOccludee: 1
  m_MotionVectors: 1
  m_LightProbeUsage: 1
  m_ReflectionProbeUsage: 1
  m_RayTracingMode: 0
  m_RayTraceProcedural: 0
  m_RenderingLayerMask: 1
  m_RendererPriority: 0
  m_Materials:
  - {fileID: 10754, guid: 0000000000000000f000000000000000, type: 0}
  m_StaticBatchInfo:
    firstSubMesh: 0
    subMeshCount: 0
  m_StaticBatchRoot: {fileID: 0}
  m_ProbeAnchor: {fileID: 0}
  m_LightProbeVolumeOverride: {fileID: 0}
  m_ScaleInLightmap: 1
  m_ReceiveGI: 1
  m_PreserveUVs: 0
  m_IgnoreNormalsForChartDetection: 0
  m_ImportantGI: 0
  m_StitchLightmapSeams: 1
  m_SelectedEditorRenderState: 0
  m_MinimumChartSize: 4
  m_AutoUVMaxDistance: 0.5
  m_AutoUVMaxAngle: 89
  m_LightmapParameters: {fileID: 0}
  m_SortingLayerID: 0
  m_SortingLayer: 0
  m_SortingOrder: 0
  m_Sprite: {fileID: 21300000, guid: d7cc19ca6542e154295386b582ca0c83, type: 3}
  m_Color: {r: 1, g: 1, b: 1, a: 1}
  m_FlipX: 0
  m_FlipY: 0
  m_DrawMode: 0
  m_Size: {x: 2, y: 2}
  m_AdaptiveModeThreshold: 0.5
  m_SpriteTileMode: 0
  m_WasSpriteAssigned: 1
  m_MaskInteraction: 0
  m_SpriteSortPoint: 0
--- !u!61 &8430141988637482688
BoxCollider2D:
  m_ObjectHideFlags: 0
  m_CorrespondingSourceObject: {fileID: 0}
  m_PrefabInstance: {fileID: 0}
  m_PrefabAsset: {fileID: 0}
  m_GameObject: {fileID: 8430141988637482694}
  m_Enabled: 1
  m_Density: 1
  m_Material: {fileID: 0}
  m_IsTrigger: 0
  m_UsedByEffector: 0
  m_UsedByComposite: 0
  m_Offset: {x: -0.01942058, y: 0}
  m_SpriteTilingProperty:
    border: {x: 0, y: 0, z: 0, w: 0}
    pivot: {x: 0.5, y: 0.5}
    oldSize: {x: 2, y: 2}
    newSize: {x: 2, y: 2}
    adaptiveTilingThreshold: 0.5
    drawMode: 0
    adaptiveTiling: 0
  m_AutoTiling: 0
  serializedVersion: 2
  m_Size: {x: 0.7959174, y: 2}
  m_EdgeRadius: 0
--- !u!1 &8430141988639069098
GameObject:
  m_ObjectHideFlags: 0
  m_CorrespondingSourceObject: {fileID: 0}
  m_PrefabInstance: {fileID: 0}
  m_PrefabAsset: {fileID: 0}
  serializedVersion: 6
  m_Component:
  - component: {fileID: 8430141988639069093}
  - component: {fileID: 8430141988639069092}
  m_Layer: 0
  m_Name: colum_1 (2)
  m_TagString: Untagged
  m_Icon: {fileID: 0}
  m_NavMeshLayer: 0
  m_StaticEditorFlags: 0
  m_IsActive: 1
--- !u!4 &8430141988639069093
Transform:
  m_ObjectHideFlags: 0
  m_CorrespondingSourceObject: {fileID: 0}
  m_PrefabInstance: {fileID: 0}
  m_PrefabAsset: {fileID: 0}
  m_GameObject: {fileID: 8430141988639069098}
  m_LocalRotation: {x: -0, y: -0, z: -0, w: 1}
  m_LocalPosition: {x: 6.34, y: 6.25, z: -3}
  m_LocalScale: {x: 1, y: 1, z: 1}
  m_Children: []
  m_Father: {fileID: 8430141987879956666}
  m_RootOrder: 15
  m_LocalEulerAnglesHint: {x: 0, y: 0, z: 0}
--- !u!212 &8430141988639069092
SpriteRenderer:
  m_ObjectHideFlags: 0
  m_CorrespondingSourceObject: {fileID: 0}
  m_PrefabInstance: {fileID: 0}
  m_PrefabAsset: {fileID: 0}
  m_GameObject: {fileID: 8430141988639069098}
  m_Enabled: 1
  m_CastShadows: 0
  m_ReceiveShadows: 0
  m_DynamicOccludee: 1
  m_MotionVectors: 1
  m_LightProbeUsage: 1
  m_ReflectionProbeUsage: 1
  m_RayTracingMode: 0
  m_RayTraceProcedural: 0
  m_RenderingLayerMask: 1
  m_RendererPriority: 0
  m_Materials:
  - {fileID: 10754, guid: 0000000000000000f000000000000000, type: 0}
  m_StaticBatchInfo:
    firstSubMesh: 0
    subMeshCount: 0
  m_StaticBatchRoot: {fileID: 0}
  m_ProbeAnchor: {fileID: 0}
  m_LightProbeVolumeOverride: {fileID: 0}
  m_ScaleInLightmap: 1
  m_ReceiveGI: 1
  m_PreserveUVs: 0
  m_IgnoreNormalsForChartDetection: 0
  m_ImportantGI: 0
  m_StitchLightmapSeams: 1
  m_SelectedEditorRenderState: 0
  m_MinimumChartSize: 4
  m_AutoUVMaxDistance: 0.5
  m_AutoUVMaxAngle: 89
  m_LightmapParameters: {fileID: 0}
  m_SortingLayerID: 0
  m_SortingLayer: 0
  m_SortingOrder: 0
  m_Sprite: {fileID: 21300000, guid: d7cc19ca6542e154295386b582ca0c83, type: 3}
  m_Color: {r: 1, g: 1, b: 1, a: 1}
  m_FlipX: 0
  m_FlipY: 0
  m_DrawMode: 0
  m_Size: {x: 2, y: 2}
  m_AdaptiveModeThreshold: 0.5
  m_SpriteTileMode: 0
  m_WasSpriteAssigned: 1
  m_MaskInteraction: 0
  m_SpriteSortPoint: 0
--- !u!1001 &5201537749304279698
PrefabInstance:
  m_ObjectHideFlags: 0
  serializedVersion: 2
  m_Modification:
    m_TransformParent: {fileID: 8430141987879956666}
    m_Modifications:
    - target: {fileID: 4382691278747638135, guid: c4f79aa31b89f6f4e8ac8fff00342e69, type: 3}
      propertyPath: m_Sprite
      value: 
      objectReference: {fileID: 21300000, guid: f7a65f784b13d7c4b82c0ee5ad9e56f3, type: 3}
    - target: {fileID: 4382691278747638139, guid: c4f79aa31b89f6f4e8ac8fff00342e69, type: 3}
      propertyPath: m_LocalPosition.x
      value: 6.26
      objectReference: {fileID: 0}
    - target: {fileID: 4382691278747638139, guid: c4f79aa31b89f6f4e8ac8fff00342e69, type: 3}
      propertyPath: m_LocalPosition.y
      value: -1.57
      objectReference: {fileID: 0}
    - target: {fileID: 4382691278747638139, guid: c4f79aa31b89f6f4e8ac8fff00342e69, type: 3}
      propertyPath: m_LocalPosition.z
      value: 0
      objectReference: {fileID: 0}
    - target: {fileID: 4382691278747638139, guid: c4f79aa31b89f6f4e8ac8fff00342e69, type: 3}
      propertyPath: m_LocalRotation.x
      value: -0
      objectReference: {fileID: 0}
    - target: {fileID: 4382691278747638139, guid: c4f79aa31b89f6f4e8ac8fff00342e69, type: 3}
      propertyPath: m_LocalRotation.y
      value: -0
      objectReference: {fileID: 0}
    - target: {fileID: 4382691278747638139, guid: c4f79aa31b89f6f4e8ac8fff00342e69, type: 3}
      propertyPath: m_LocalRotation.z
      value: -0
      objectReference: {fileID: 0}
    - target: {fileID: 4382691278747638139, guid: c4f79aa31b89f6f4e8ac8fff00342e69, type: 3}
      propertyPath: m_LocalRotation.w
      value: 1
      objectReference: {fileID: 0}
    - target: {fileID: 4382691278747638139, guid: c4f79aa31b89f6f4e8ac8fff00342e69, type: 3}
      propertyPath: m_RootOrder
      value: 11
      objectReference: {fileID: 0}
    - target: {fileID: 4382691278747638139, guid: c4f79aa31b89f6f4e8ac8fff00342e69, type: 3}
      propertyPath: m_LocalEulerAnglesHint.x
      value: 0
      objectReference: {fileID: 0}
    - target: {fileID: 4382691278747638139, guid: c4f79aa31b89f6f4e8ac8fff00342e69, type: 3}
      propertyPath: m_LocalEulerAnglesHint.y
      value: 0
      objectReference: {fileID: 0}
    - target: {fileID: 4382691278747638139, guid: c4f79aa31b89f6f4e8ac8fff00342e69, type: 3}
      propertyPath: m_LocalEulerAnglesHint.z
      value: 0
      objectReference: {fileID: 0}
    - target: {fileID: 4382691278747638140, guid: c4f79aa31b89f6f4e8ac8fff00342e69, type: 3}
      propertyPath: m_Name
      value: cage_1
      objectReference: {fileID: 0}
    m_RemovedComponents: []
  m_SourcePrefab: {fileID: 100100000, guid: c4f79aa31b89f6f4e8ac8fff00342e69, type: 3}
--- !u!4 &8430141989275933673 stripped
Transform:
  m_CorrespondingSourceObject: {fileID: 4382691278747638139, guid: c4f79aa31b89f6f4e8ac8fff00342e69, type: 3}
  m_PrefabInstance: {fileID: 5201537749304279698}
  m_PrefabAsset: {fileID: 0}
--- !u!1001 &8430141987505324891
PrefabInstance:
  m_ObjectHideFlags: 0
  serializedVersion: 2
  m_Modification:
    m_TransformParent: {fileID: 8430141987879956666}
    m_Modifications:
    - target: {fileID: 1352849243, guid: 421248eb500130740aeb20591fa9c4da, type: 3}
      propertyPath: m_GravityScale
      value: 3
      objectReference: {fileID: 0}
    - target: {fileID: 7419508752601940709, guid: 421248eb500130740aeb20591fa9c4da, type: 3}
      propertyPath: m_Name
      value: gold_variant (1)
      objectReference: {fileID: 0}
    - target: {fileID: 7419508752601940710, guid: 421248eb500130740aeb20591fa9c4da, type: 3}
      propertyPath: m_LocalPosition.x
      value: 5.95
      objectReference: {fileID: 0}
    - target: {fileID: 7419508752601940710, guid: 421248eb500130740aeb20591fa9c4da, type: 3}
      propertyPath: m_LocalPosition.y
      value: -3
      objectReference: {fileID: 0}
    - target: {fileID: 7419508752601940710, guid: 421248eb500130740aeb20591fa9c4da, type: 3}
      propertyPath: m_LocalPosition.z
      value: 1
      objectReference: {fileID: 0}
    - target: {fileID: 7419508752601940710, guid: 421248eb500130740aeb20591fa9c4da, type: 3}
      propertyPath: m_LocalRotation.x
      value: -0
      objectReference: {fileID: 0}
    - target: {fileID: 7419508752601940710, guid: 421248eb500130740aeb20591fa9c4da, type: 3}
      propertyPath: m_LocalRotation.y
      value: -0
      objectReference: {fileID: 0}
    - target: {fileID: 7419508752601940710, guid: 421248eb500130740aeb20591fa9c4da, type: 3}
      propertyPath: m_LocalRotation.z
      value: -0
      objectReference: {fileID: 0}
    - target: {fileID: 7419508752601940710, guid: 421248eb500130740aeb20591fa9c4da, type: 3}
      propertyPath: m_LocalRotation.w
      value: 1
      objectReference: {fileID: 0}
    - target: {fileID: 7419508752601940710, guid: 421248eb500130740aeb20591fa9c4da, type: 3}
      propertyPath: m_RootOrder
      value: 4
      objectReference: {fileID: 0}
    - target: {fileID: 7419508752601940710, guid: 421248eb500130740aeb20591fa9c4da, type: 3}
      propertyPath: m_LocalEulerAnglesHint.x
      value: 0
      objectReference: {fileID: 0}
    - target: {fileID: 7419508752601940710, guid: 421248eb500130740aeb20591fa9c4da, type: 3}
      propertyPath: m_LocalEulerAnglesHint.y
      value: 0
      objectReference: {fileID: 0}
    - target: {fileID: 7419508752601940710, guid: 421248eb500130740aeb20591fa9c4da, type: 3}
      propertyPath: m_LocalEulerAnglesHint.z
      value: 0
      objectReference: {fileID: 0}
    m_RemovedComponents: []
  m_SourcePrefab: {fileID: 100100000, guid: 421248eb500130740aeb20591fa9c4da, type: 3}
--- !u!4 &1299995063973167549 stripped
Transform:
  m_CorrespondingSourceObject: {fileID: 7419508752601940710, guid: 421248eb500130740aeb20591fa9c4da, type: 3}
  m_PrefabInstance: {fileID: 8430141987505324891}
  m_PrefabAsset: {fileID: 0}
--- !u!1001 &8430141988699801164
PrefabInstance:
  m_ObjectHideFlags: 0
  serializedVersion: 2
  m_Modification:
    m_TransformParent: {fileID: 8430141987879956666}
    m_Modifications:
    - target: {fileID: 1352849243, guid: 421248eb500130740aeb20591fa9c4da, type: 3}
      propertyPath: m_GravityScale
      value: 3
      objectReference: {fileID: 0}
    - target: {fileID: 7419508752601940709, guid: 421248eb500130740aeb20591fa9c4da, type: 3}
      propertyPath: m_Name
      value: gold_variant (7)
      objectReference: {fileID: 0}
    - target: {fileID: 7419508752601940710, guid: 421248eb500130740aeb20591fa9c4da, type: 3}
      propertyPath: m_LocalPosition.x
      value: 6.96
      objectReference: {fileID: 0}
    - target: {fileID: 7419508752601940710, guid: 421248eb500130740aeb20591fa9c4da, type: 3}
      propertyPath: m_LocalPosition.y
      value: -1.2
      objectReference: {fileID: 0}
    - target: {fileID: 7419508752601940710, guid: 421248eb500130740aeb20591fa9c4da, type: 3}
      propertyPath: m_LocalPosition.z
      value: 1
      objectReference: {fileID: 0}
    - target: {fileID: 7419508752601940710, guid: 421248eb500130740aeb20591fa9c4da, type: 3}
      propertyPath: m_LocalRotation.x
      value: -0
      objectReference: {fileID: 0}
    - target: {fileID: 7419508752601940710, guid: 421248eb500130740aeb20591fa9c4da, type: 3}
      propertyPath: m_LocalRotation.y
      value: -0
      objectReference: {fileID: 0}
    - target: {fileID: 7419508752601940710, guid: 421248eb500130740aeb20591fa9c4da, type: 3}
      propertyPath: m_LocalRotation.z
      value: -0
      objectReference: {fileID: 0}
    - target: {fileID: 7419508752601940710, guid: 421248eb500130740aeb20591fa9c4da, type: 3}
      propertyPath: m_LocalRotation.w
      value: 1
      objectReference: {fileID: 0}
    - target: {fileID: 7419508752601940710, guid: 421248eb500130740aeb20591fa9c4da, type: 3}
      propertyPath: m_RootOrder
      value: 10
      objectReference: {fileID: 0}
    - target: {fileID: 7419508752601940710, guid: 421248eb500130740aeb20591fa9c4da, type: 3}
      propertyPath: m_LocalEulerAnglesHint.x
      value: 0
      objectReference: {fileID: 0}
    - target: {fileID: 7419508752601940710, guid: 421248eb500130740aeb20591fa9c4da, type: 3}
      propertyPath: m_LocalEulerAnglesHint.y
      value: 0
      objectReference: {fileID: 0}
    - target: {fileID: 7419508752601940710, guid: 421248eb500130740aeb20591fa9c4da, type: 3}
      propertyPath: m_LocalEulerAnglesHint.z
      value: 0
      objectReference: {fileID: 0}
    m_RemovedComponents: []
  m_SourcePrefab: {fileID: 100100000, guid: 421248eb500130740aeb20591fa9c4da, type: 3}
--- !u!4 &1299995062468543658 stripped
Transform:
  m_CorrespondingSourceObject: {fileID: 7419508752601940710, guid: 421248eb500130740aeb20591fa9c4da, type: 3}
  m_PrefabInstance: {fileID: 8430141988699801164}
  m_PrefabAsset: {fileID: 0}
--- !u!1001 &8430141988705609673
PrefabInstance:
  m_ObjectHideFlags: 0
  serializedVersion: 2
  m_Modification:
    m_TransformParent: {fileID: 8430141987879956666}
    m_Modifications:
    - target: {fileID: 1352849243, guid: 421248eb500130740aeb20591fa9c4da, type: 3}
      propertyPath: m_GravityScale
      value: 3
      objectReference: {fileID: 0}
    - target: {fileID: 7419508752601940709, guid: 421248eb500130740aeb20591fa9c4da, type: 3}
      propertyPath: m_Name
      value: gold_variant (2)
      objectReference: {fileID: 0}
    - target: {fileID: 7419508752601940710, guid: 421248eb500130740aeb20591fa9c4da, type: 3}
      propertyPath: m_LocalPosition.x
      value: 6.92
      objectReference: {fileID: 0}
    - target: {fileID: 7419508752601940710, guid: 421248eb500130740aeb20591fa9c4da, type: 3}
      propertyPath: m_LocalPosition.y
      value: -2.99
      objectReference: {fileID: 0}
    - target: {fileID: 7419508752601940710, guid: 421248eb500130740aeb20591fa9c4da, type: 3}
      propertyPath: m_LocalPosition.z
      value: 1
      objectReference: {fileID: 0}
    - target: {fileID: 7419508752601940710, guid: 421248eb500130740aeb20591fa9c4da, type: 3}
      propertyPath: m_LocalRotation.x
      value: -0
      objectReference: {fileID: 0}
    - target: {fileID: 7419508752601940710, guid: 421248eb500130740aeb20591fa9c4da, type: 3}
      propertyPath: m_LocalRotation.y
      value: -0
      objectReference: {fileID: 0}
    - target: {fileID: 7419508752601940710, guid: 421248eb500130740aeb20591fa9c4da, type: 3}
      propertyPath: m_LocalRotation.z
      value: -0
      objectReference: {fileID: 0}
    - target: {fileID: 7419508752601940710, guid: 421248eb500130740aeb20591fa9c4da, type: 3}
      propertyPath: m_LocalRotation.w
      value: 1
      objectReference: {fileID: 0}
    - target: {fileID: 7419508752601940710, guid: 421248eb500130740aeb20591fa9c4da, type: 3}
      propertyPath: m_RootOrder
      value: 5
      objectReference: {fileID: 0}
    - target: {fileID: 7419508752601940710, guid: 421248eb500130740aeb20591fa9c4da, type: 3}
      propertyPath: m_LocalEulerAnglesHint.x
      value: 0
      objectReference: {fileID: 0}
    - target: {fileID: 7419508752601940710, guid: 421248eb500130740aeb20591fa9c4da, type: 3}
      propertyPath: m_LocalEulerAnglesHint.y
      value: 0
      objectReference: {fileID: 0}
    - target: {fileID: 7419508752601940710, guid: 421248eb500130740aeb20591fa9c4da, type: 3}
      propertyPath: m_LocalEulerAnglesHint.z
      value: 0
      objectReference: {fileID: 0}
    m_RemovedComponents: []
  m_SourcePrefab: {fileID: 100100000, guid: 421248eb500130740aeb20591fa9c4da, type: 3}
--- !u!4 &1299995062471140655 stripped
Transform:
  m_CorrespondingSourceObject: {fileID: 7419508752601940710, guid: 421248eb500130740aeb20591fa9c4da, type: 3}
  m_PrefabInstance: {fileID: 8430141988705609673}
  m_PrefabAsset: {fileID: 0}
--- !u!1001 &8430141988718223183
PrefabInstance:
  m_ObjectHideFlags: 0
  serializedVersion: 2
  m_Modification:
    m_TransformParent: {fileID: 8430141987879956666}
    m_Modifications:
    - target: {fileID: 1352849243, guid: 421248eb500130740aeb20591fa9c4da, type: 3}
      propertyPath: m_GravityScale
      value: 3
      objectReference: {fileID: 0}
    - target: {fileID: 7419508752601940709, guid: 421248eb500130740aeb20591fa9c4da, type: 3}
      propertyPath: m_Name
      value: gold_variant (3)
      objectReference: {fileID: 0}
    - target: {fileID: 7419508752601940710, guid: 421248eb500130740aeb20591fa9c4da, type: 3}
      propertyPath: m_LocalPosition.x
      value: 7.91
      objectReference: {fileID: 0}
    - target: {fileID: 7419508752601940710, guid: 421248eb500130740aeb20591fa9c4da, type: 3}
      propertyPath: m_LocalPosition.y
      value: -2.91
      objectReference: {fileID: 0}
    - target: {fileID: 7419508752601940710, guid: 421248eb500130740aeb20591fa9c4da, type: 3}
      propertyPath: m_LocalPosition.z
      value: 1
      objectReference: {fileID: 0}
    - target: {fileID: 7419508752601940710, guid: 421248eb500130740aeb20591fa9c4da, type: 3}
      propertyPath: m_LocalRotation.x
      value: -0
      objectReference: {fileID: 0}
    - target: {fileID: 7419508752601940710, guid: 421248eb500130740aeb20591fa9c4da, type: 3}
      propertyPath: m_LocalRotation.y
      value: -0
      objectReference: {fileID: 0}
    - target: {fileID: 7419508752601940710, guid: 421248eb500130740aeb20591fa9c4da, type: 3}
      propertyPath: m_LocalRotation.z
      value: -0
      objectReference: {fileID: 0}
    - target: {fileID: 7419508752601940710, guid: 421248eb500130740aeb20591fa9c4da, type: 3}
      propertyPath: m_LocalRotation.w
      value: 1
      objectReference: {fileID: 0}
    - target: {fileID: 7419508752601940710, guid: 421248eb500130740aeb20591fa9c4da, type: 3}
      propertyPath: m_RootOrder
      value: 6
      objectReference: {fileID: 0}
    - target: {fileID: 7419508752601940710, guid: 421248eb500130740aeb20591fa9c4da, type: 3}
      propertyPath: m_LocalEulerAnglesHint.x
      value: 0
      objectReference: {fileID: 0}
    - target: {fileID: 7419508752601940710, guid: 421248eb500130740aeb20591fa9c4da, type: 3}
      propertyPath: m_LocalEulerAnglesHint.y
      value: 0
      objectReference: {fileID: 0}
    - target: {fileID: 7419508752601940710, guid: 421248eb500130740aeb20591fa9c4da, type: 3}
      propertyPath: m_LocalEulerAnglesHint.z
      value: 0
      objectReference: {fileID: 0}
    m_RemovedComponents: []
  m_SourcePrefab: {fileID: 100100000, guid: 421248eb500130740aeb20591fa9c4da, type: 3}
--- !u!4 &1299995062483688873 stripped
Transform:
  m_CorrespondingSourceObject: {fileID: 7419508752601940710, guid: 421248eb500130740aeb20591fa9c4da, type: 3}
  m_PrefabInstance: {fileID: 8430141988718223183}
  m_PrefabAsset: {fileID: 0}
--- !u!1001 &8430141989109211472
PrefabInstance:
  m_ObjectHideFlags: 0
  serializedVersion: 2
  m_Modification:
    m_TransformParent: {fileID: 8430141987879956666}
    m_Modifications:
    - target: {fileID: 1352849243, guid: 421248eb500130740aeb20591fa9c4da, type: 3}
      propertyPath: m_GravityScale
      value: 3
      objectReference: {fileID: 0}
    - target: {fileID: 7419508752601940709, guid: 421248eb500130740aeb20591fa9c4da, type: 3}
      propertyPath: m_Name
      value: gold_variant (5)
      objectReference: {fileID: 0}
    - target: {fileID: 7419508752601940710, guid: 421248eb500130740aeb20591fa9c4da, type: 3}
      propertyPath: m_LocalPosition.x
      value: 7.33
      objectReference: {fileID: 0}
    - target: {fileID: 7419508752601940710, guid: 421248eb500130740aeb20591fa9c4da, type: 3}
      propertyPath: m_LocalPosition.y
      value: -2.08
      objectReference: {fileID: 0}
    - target: {fileID: 7419508752601940710, guid: 421248eb500130740aeb20591fa9c4da, type: 3}
      propertyPath: m_LocalPosition.z
      value: 1
      objectReference: {fileID: 0}
    - target: {fileID: 7419508752601940710, guid: 421248eb500130740aeb20591fa9c4da, type: 3}
      propertyPath: m_LocalRotation.x
      value: -0
      objectReference: {fileID: 0}
    - target: {fileID: 7419508752601940710, guid: 421248eb500130740aeb20591fa9c4da, type: 3}
      propertyPath: m_LocalRotation.y
      value: -0
      objectReference: {fileID: 0}
    - target: {fileID: 7419508752601940710, guid: 421248eb500130740aeb20591fa9c4da, type: 3}
      propertyPath: m_LocalRotation.z
      value: -0
      objectReference: {fileID: 0}
    - target: {fileID: 7419508752601940710, guid: 421248eb500130740aeb20591fa9c4da, type: 3}
      propertyPath: m_LocalRotation.w
      value: 1
      objectReference: {fileID: 0}
    - target: {fileID: 7419508752601940710, guid: 421248eb500130740aeb20591fa9c4da, type: 3}
      propertyPath: m_RootOrder
      value: 8
      objectReference: {fileID: 0}
    - target: {fileID: 7419508752601940710, guid: 421248eb500130740aeb20591fa9c4da, type: 3}
      propertyPath: m_LocalEulerAnglesHint.x
      value: 0
      objectReference: {fileID: 0}
    - target: {fileID: 7419508752601940710, guid: 421248eb500130740aeb20591fa9c4da, type: 3}
      propertyPath: m_LocalEulerAnglesHint.y
      value: 0
      objectReference: {fileID: 0}
    - target: {fileID: 7419508752601940710, guid: 421248eb500130740aeb20591fa9c4da, type: 3}
      propertyPath: m_LocalEulerAnglesHint.z
      value: 0
      objectReference: {fileID: 0}
    m_RemovedComponents: []
  m_SourcePrefab: {fileID: 100100000, guid: 421248eb500130740aeb20591fa9c4da, type: 3}
--- !u!4 &1299995062335710134 stripped
Transform:
  m_CorrespondingSourceObject: {fileID: 7419508752601940710, guid: 421248eb500130740aeb20591fa9c4da, type: 3}
  m_PrefabInstance: {fileID: 8430141989109211472}
  m_PrefabAsset: {fileID: 0}
--- !u!1001 &8430141989218052932
PrefabInstance:
  m_ObjectHideFlags: 0
  serializedVersion: 2
  m_Modification:
    m_TransformParent: {fileID: 8430141987879956666}
    m_Modifications:
    - target: {fileID: 1352849243, guid: 421248eb500130740aeb20591fa9c4da, type: 3}
      propertyPath: m_GravityScale
      value: 3
      objectReference: {fileID: 0}
    - target: {fileID: 7419508752601940709, guid: 421248eb500130740aeb20591fa9c4da, type: 3}
      propertyPath: m_Name
      value: gold_variant
      objectReference: {fileID: 0}
    - target: {fileID: 7419508752601940710, guid: 421248eb500130740aeb20591fa9c4da, type: 3}
      propertyPath: m_LocalPosition.x
      value: 4.92
      objectReference: {fileID: 0}
    - target: {fileID: 7419508752601940710, guid: 421248eb500130740aeb20591fa9c4da, type: 3}
      propertyPath: m_LocalPosition.y
      value: -2.9947596
      objectReference: {fileID: 0}
    - target: {fileID: 7419508752601940710, guid: 421248eb500130740aeb20591fa9c4da, type: 3}
      propertyPath: m_LocalPosition.z
      value: 1
      objectReference: {fileID: 0}
    - target: {fileID: 7419508752601940710, guid: 421248eb500130740aeb20591fa9c4da, type: 3}
      propertyPath: m_LocalRotation.x
      value: -0
      objectReference: {fileID: 0}
    - target: {fileID: 7419508752601940710, guid: 421248eb500130740aeb20591fa9c4da, type: 3}
      propertyPath: m_LocalRotation.y
      value: -0
      objectReference: {fileID: 0}
    - target: {fileID: 7419508752601940710, guid: 421248eb500130740aeb20591fa9c4da, type: 3}
      propertyPath: m_LocalRotation.z
      value: -0
      objectReference: {fileID: 0}
    - target: {fileID: 7419508752601940710, guid: 421248eb500130740aeb20591fa9c4da, type: 3}
      propertyPath: m_LocalRotation.w
      value: 1
      objectReference: {fileID: 0}
    - target: {fileID: 7419508752601940710, guid: 421248eb500130740aeb20591fa9c4da, type: 3}
      propertyPath: m_RootOrder
      value: 3
      objectReference: {fileID: 0}
    - target: {fileID: 7419508752601940710, guid: 421248eb500130740aeb20591fa9c4da, type: 3}
      propertyPath: m_LocalEulerAnglesHint.x
      value: 0
      objectReference: {fileID: 0}
    - target: {fileID: 7419508752601940710, guid: 421248eb500130740aeb20591fa9c4da, type: 3}
      propertyPath: m_LocalEulerAnglesHint.y
      value: 0
      objectReference: {fileID: 0}
    - target: {fileID: 7419508752601940710, guid: 421248eb500130740aeb20591fa9c4da, type: 3}
      propertyPath: m_LocalEulerAnglesHint.z
      value: 0
      objectReference: {fileID: 0}
    m_RemovedComponents: []
  m_SourcePrefab: {fileID: 100100000, guid: 421248eb500130740aeb20591fa9c4da, type: 3}
--- !u!4 &1299995061992286626 stripped
Transform:
  m_CorrespondingSourceObject: {fileID: 7419508752601940710, guid: 421248eb500130740aeb20591fa9c4da, type: 3}
  m_PrefabInstance: {fileID: 8430141989218052932}
  m_PrefabAsset: {fileID: 0}
--- !u!1001 &8430141989434202572
PrefabInstance:
  m_ObjectHideFlags: 0
  serializedVersion: 2
  m_Modification:
    m_TransformParent: {fileID: 8430141987879956666}
    m_Modifications:
    - target: {fileID: 1352849243, guid: 421248eb500130740aeb20591fa9c4da, type: 3}
      propertyPath: m_GravityScale
      value: 3
      objectReference: {fileID: 0}
    - target: {fileID: 7419508752601940709, guid: 421248eb500130740aeb20591fa9c4da, type: 3}
      propertyPath: m_Name
      value: gold_variant (6)
      objectReference: {fileID: 0}
    - target: {fileID: 7419508752601940710, guid: 421248eb500130740aeb20591fa9c4da, type: 3}
      propertyPath: m_LocalPosition.x
      value: 5.8
      objectReference: {fileID: 0}
    - target: {fileID: 7419508752601940710, guid: 421248eb500130740aeb20591fa9c4da, type: 3}
      propertyPath: m_LocalPosition.y
      value: -1.18
      objectReference: {fileID: 0}
    - target: {fileID: 7419508752601940710, guid: 421248eb500130740aeb20591fa9c4da, type: 3}
      propertyPath: m_LocalPosition.z
      value: 1
      objectReference: {fileID: 0}
    - target: {fileID: 7419508752601940710, guid: 421248eb500130740aeb20591fa9c4da, type: 3}
      propertyPath: m_LocalRotation.x
      value: -0
      objectReference: {fileID: 0}
    - target: {fileID: 7419508752601940710, guid: 421248eb500130740aeb20591fa9c4da, type: 3}
      propertyPath: m_LocalRotation.y
      value: -0
      objectReference: {fileID: 0}
    - target: {fileID: 7419508752601940710, guid: 421248eb500130740aeb20591fa9c4da, type: 3}
      propertyPath: m_LocalRotation.z
      value: -0
      objectReference: {fileID: 0}
    - target: {fileID: 7419508752601940710, guid: 421248eb500130740aeb20591fa9c4da, type: 3}
      propertyPath: m_LocalRotation.w
      value: 1
      objectReference: {fileID: 0}
    - target: {fileID: 7419508752601940710, guid: 421248eb500130740aeb20591fa9c4da, type: 3}
      propertyPath: m_RootOrder
      value: 9
      objectReference: {fileID: 0}
    - target: {fileID: 7419508752601940710, guid: 421248eb500130740aeb20591fa9c4da, type: 3}
      propertyPath: m_LocalEulerAnglesHint.x
      value: 0
      objectReference: {fileID: 0}
    - target: {fileID: 7419508752601940710, guid: 421248eb500130740aeb20591fa9c4da, type: 3}
      propertyPath: m_LocalEulerAnglesHint.y
      value: 0
      objectReference: {fileID: 0}
    - target: {fileID: 7419508752601940710, guid: 421248eb500130740aeb20591fa9c4da, type: 3}
      propertyPath: m_LocalEulerAnglesHint.z
      value: 0
      objectReference: {fileID: 0}
    m_RemovedComponents: []
  m_SourcePrefab: {fileID: 100100000, guid: 421248eb500130740aeb20591fa9c4da, type: 3}
--- !u!4 &1299995062010714922 stripped
Transform:
  m_CorrespondingSourceObject: {fileID: 7419508752601940710, guid: 421248eb500130740aeb20591fa9c4da, type: 3}
  m_PrefabInstance: {fileID: 8430141989434202572}
  m_PrefabAsset: {fileID: 0}
--- !u!1001 &8430141989457304475
PrefabInstance:
  m_ObjectHideFlags: 0
  serializedVersion: 2
  m_Modification:
    m_TransformParent: {fileID: 8430141987879956666}
    m_Modifications:
    - target: {fileID: 1352849243, guid: 421248eb500130740aeb20591fa9c4da, type: 3}
      propertyPath: m_GravityScale
      value: 3
      objectReference: {fileID: 0}
    - target: {fileID: 7419508752601940709, guid: 421248eb500130740aeb20591fa9c4da, type: 3}
      propertyPath: m_Name
      value: gold_variant (4)
      objectReference: {fileID: 0}
    - target: {fileID: 7419508752601940710, guid: 421248eb500130740aeb20591fa9c4da, type: 3}
      propertyPath: m_LocalPosition.x
      value: 6.39
      objectReference: {fileID: 0}
    - target: {fileID: 7419508752601940710, guid: 421248eb500130740aeb20591fa9c4da, type: 3}
      propertyPath: m_LocalPosition.y
      value: -2.08
      objectReference: {fileID: 0}
    - target: {fileID: 7419508752601940710, guid: 421248eb500130740aeb20591fa9c4da, type: 3}
      propertyPath: m_LocalPosition.z
      value: 1
      objectReference: {fileID: 0}
    - target: {fileID: 7419508752601940710, guid: 421248eb500130740aeb20591fa9c4da, type: 3}
      propertyPath: m_LocalRotation.x
      value: -0
      objectReference: {fileID: 0}
    - target: {fileID: 7419508752601940710, guid: 421248eb500130740aeb20591fa9c4da, type: 3}
      propertyPath: m_LocalRotation.y
      value: -0
      objectReference: {fileID: 0}
    - target: {fileID: 7419508752601940710, guid: 421248eb500130740aeb20591fa9c4da, type: 3}
      propertyPath: m_LocalRotation.z
      value: -0
      objectReference: {fileID: 0}
    - target: {fileID: 7419508752601940710, guid: 421248eb500130740aeb20591fa9c4da, type: 3}
      propertyPath: m_LocalRotation.w
      value: 1
      objectReference: {fileID: 0}
    - target: {fileID: 7419508752601940710, guid: 421248eb500130740aeb20591fa9c4da, type: 3}
      propertyPath: m_RootOrder
      value: 7
      objectReference: {fileID: 0}
    - target: {fileID: 7419508752601940710, guid: 421248eb500130740aeb20591fa9c4da, type: 3}
      propertyPath: m_LocalEulerAnglesHint.x
      value: 0
      objectReference: {fileID: 0}
    - target: {fileID: 7419508752601940710, guid: 421248eb500130740aeb20591fa9c4da, type: 3}
      propertyPath: m_LocalEulerAnglesHint.y
      value: 0
      objectReference: {fileID: 0}
    - target: {fileID: 7419508752601940710, guid: 421248eb500130740aeb20591fa9c4da, type: 3}
      propertyPath: m_LocalEulerAnglesHint.z
      value: 0
      objectReference: {fileID: 0}
    m_RemovedComponents: []
  m_SourcePrefab: {fileID: 100100000, guid: 421248eb500130740aeb20591fa9c4da, type: 3}
--- !u!4 &1299995062012778877 stripped
Transform:
  m_CorrespondingSourceObject: {fileID: 7419508752601940710, guid: 421248eb500130740aeb20591fa9c4da, type: 3}
  m_PrefabInstance: {fileID: 8430141989457304475}
  m_PrefabAsset: {fileID: 0}
--- !u!1001 &8526586026862021936
PrefabInstance:
  m_ObjectHideFlags: 0
  serializedVersion: 2
  m_Modification:
    m_TransformParent: {fileID: 8430141987879956666}
    m_Modifications:
    - target: {fileID: 1352849243, guid: 421248eb500130740aeb20591fa9c4da, type: 3}
      propertyPath: m_GravityScale
      value: 3
      objectReference: {fileID: 0}
    - target: {fileID: 7419508752601940709, guid: 421248eb500130740aeb20591fa9c4da, type: 3}
      propertyPath: m_Name
      value: gold 1
      objectReference: {fileID: 0}
    - target: {fileID: 7419508752601940710, guid: 421248eb500130740aeb20591fa9c4da, type: 3}
      propertyPath: m_LocalPosition.x
      value: 5.46
      objectReference: {fileID: 0}
    - target: {fileID: 7419508752601940710, guid: 421248eb500130740aeb20591fa9c4da, type: 3}
      propertyPath: m_LocalPosition.y
      value: -2.08
      objectReference: {fileID: 0}
    - target: {fileID: 7419508752601940710, guid: 421248eb500130740aeb20591fa9c4da, type: 3}
      propertyPath: m_LocalPosition.z
      value: 1
      objectReference: {fileID: 0}
    - target: {fileID: 7419508752601940710, guid: 421248eb500130740aeb20591fa9c4da, type: 3}
      propertyPath: m_LocalRotation.x
      value: -0
      objectReference: {fileID: 0}
    - target: {fileID: 7419508752601940710, guid: 421248eb500130740aeb20591fa9c4da, type: 3}
      propertyPath: m_LocalRotation.y
      value: -0
      objectReference: {fileID: 0}
    - target: {fileID: 7419508752601940710, guid: 421248eb500130740aeb20591fa9c4da, type: 3}
      propertyPath: m_LocalRotation.z
      value: -0
      objectReference: {fileID: 0}
    - target: {fileID: 7419508752601940710, guid: 421248eb500130740aeb20591fa9c4da, type: 3}
      propertyPath: m_LocalRotation.w
      value: 1
      objectReference: {fileID: 0}
    - target: {fileID: 7419508752601940710, guid: 421248eb500130740aeb20591fa9c4da, type: 3}
      propertyPath: m_RootOrder
      value: 2
      objectReference: {fileID: 0}
    - target: {fileID: 7419508752601940710, guid: 421248eb500130740aeb20591fa9c4da, type: 3}
      propertyPath: m_LocalEulerAnglesHint.x
      value: 0
      objectReference: {fileID: 0}
    - target: {fileID: 7419508752601940710, guid: 421248eb500130740aeb20591fa9c4da, type: 3}
      propertyPath: m_LocalEulerAnglesHint.y
      value: 0
      objectReference: {fileID: 0}
    - target: {fileID: 7419508752601940710, guid: 421248eb500130740aeb20591fa9c4da, type: 3}
      propertyPath: m_LocalEulerAnglesHint.z
      value: 0
      objectReference: {fileID: 0}
    m_RemovedComponents: []
  m_SourcePrefab: {fileID: 100100000, guid: 421248eb500130740aeb20591fa9c4da, type: 3}
--- !u!4 &1199056148067913686 stripped
Transform:
  m_CorrespondingSourceObject: {fileID: 7419508752601940710, guid: 421248eb500130740aeb20591fa9c4da, type: 3}
  m_PrefabInstance: {fileID: 8526586026862021936}
  m_PrefabAsset: {fileID: 0}
